@online{flickrpy,
title = {\texttt{flickrpy}: A Python library for the Flickr API},
month = May,
year = {2013},
url = {https://code.google.com/p/flickrpy/}
}
@inproceedings{haskore,
  added-at = {2011-07-07T00:00:00.000+0200},
  author = {Hudak, Paul},
  biburl = {http://www.bibsonomy.org/bibtex/29ad1ff9553c6383264d9625e556457b4/dblp},
  booktitle = {PADL},
  crossref = {conf/padl/2004},
  editor = {Jayaraman, Bharat},
  ee = {http://dx.doi.org/10.1007/978-3-540-24836-1_1},
  interhash = {039957c0f14190cc7e283c7c06d5ff02},
  intrahash = {9ad1ff9553c6383264d9625e556457b4},
  isbn = {3-540-22253-7},
  keywords = {dblp},
  pages = {1-15},
  publisher = {Springer},
  series = {Lecture Notes in Computer Science},
  timestamp = {2011-07-07T00:00:00.000+0200},
  title = {An Algebraic Theory of Polymorphic Temporal Media.},
  url = {http://dblp.uni-trier.de/db/conf/padl/padl2004.html#Hudak04},
  volume = 3057,
  year = 2004
}
